@manual{altera-vol3,
  organization = "Altera Corporation",
  title        = "Cyclone V Device Handbook Volume 3: Hard Processor System Technical Reference
Manual",
  note         = "Plik PDF na płycie CD do Terasic DE1-SOC"
}

@misc{rocketboards-preloader-uboot,
  author       = {Radu Bacrau},
  title        = "Preloader and U-Boot Customization",
  howpublished = {\url{https://rocketboards.org/foswiki/view/Documentation/PreloaderUbootCustomization131}},
  year         = "aktualizacja 26.06.2014 [dostęp 05.11.2106]"
}

@misc{rocketboards-booting-prebuild,
  author       = {Radu Bacrau},
  title        = "Booting Linux Using Prebuilt SD Card Image",
  howpublished = {\url{https://rocketboards.org/foswiki/view/Documentation/GSRD131BootLinuxSd}},
  year         = "aktualizacja 28.05.2015 [dostęp 05.11.2106]"
}



